
@book{bear2007neuroscience,
title={{Neuroscience: Exploring the Brain}},
author={Bear, M.F. and Connors, B.W. and Paradiso, M.A.},
isbn={9780781776073},
lccn={2005034900},
year={2007},
publisher={Lippincott Williams \& Wilkins}
}

@book{Dayan2001,
author = {Dayan, Peter and Abbott, L. F.},
booktitle = {{Theoretical Neuroscience}},
isbn = {0−262−04199−5},
publisher = {The MIT Press},
title = {{Theoretical Neuroscience: Computational and Mathematical Modeling of Neural Systems}},
year = 2001
}

@book{Cajal1909,
author = {{Ramón y Cajal}, Santiago},
booktitle = {Histologie},
isbn = {},
publisher = {A. Maloine},
address = {Paris},
title = {{Histologie du Système Nerveux de L'Homme \& des Vertébrés}},
year = 1909
}

@book{Gerstner2002,
author = {Gerstner, Wulfram and Kistler, Werner},
title = {{Spiking Neuron Models: Single Neurons, Populations, Plasticity}},
year = {2002},
isbn = {0-521-89079-9},
publisher = {Cambridge University Press},
address = {New York, NY, USA},
} 

@article{Izhikevich2003,
author = {Izhikevich, E M},
issn = {1045-9227},
journal = {IEEE Transactions on Neural Networks},
month = jan,
number = {6},
pages = {1569--72},
title = {{Simple model of spiking neurons.}},
volume = {14},
year = {2003}
}

@article{Izhikevich2004,
author = {Izhikevich, Eugene M},
issn = {1045-9227},
journal = {IEEE Transactions on Neural Networks},
month = sep,
number = {5},
pages = {1063--70},
title = {{Which model to use for cortical spiking neurons?}},
volume = {15},
year = {2004}
}

@article{Markram1996,
author = {Markram, H and Tsodyks, M},
issn = {0028-0836},
journal = {Nature},
month = aug,
number = {6594},
pages = {807--10},
title = {{Redistribution of synaptic efficacy between neocortical pyramidal neurons.}},
volume = {382},
year = {1996}
}

@article{Tsodyks1997,
author = {Tsodyks, M V and Markram, H},
issn = {0027-8424},
journal = {Proceedings of the National Academy of Sciences of the United States of America},
month = jan,
number = {2},
pages = {719--23},
title = {{The neural code between neocortical pyramidal neurons depends on neurotransmitter release probability.}},
volume = {94},
year = {1997}
}

@article{Tsodyks2013,
author = {Tsodyks, Misha and Wu, Si},
issn = {1941-6016},
journal = {Scholarpedia},
number = {10},
pages = {3153},
title = {{Short-term synaptic plasticity}},
url = {http://www.scholarpedia.org/article/Short-term\_synaptic\_plasticity},
volume = {8},
year = {2013}
}

@article{Silberberg2005,
author = {Silberberg, Gilad and Grillner, Sten and LeBeau, Fiona E N and Maex, Reinoud and Markram, Henry},
issn = {0166-2236},
journal = {Trends in Neurosciences},
month = oct,
number = {10},
pages = {541--51},
title = {{Synaptic pathways in neural microcircuits.}},
volume = {28},
year = {2005}
}

@article{Destexhe1994,
author = {Destexhe, Alain and Mainen, Zachary F and Sejnowski, Terrence J},
issn = {0929-5313},
journal = {Journal of Computational Neuroscience},
month = aug,
number = {3},
pages = {195--230},
title = {{Synthesis of models for excitable membranes, synaptic transmission and neuromodulation using a common kinetic formalism}},
volume = {1},
year = {1994}
}

@article{Lau2005,
author = {Lau, Pak-Ming and Bi, Guo-Qiang},
issn = {0027-8424},
month = jul,
number = {29},
pages = {10333--8},
title = {{Synaptic mechanisms of persistent reverberatory activity in neuronal networks.}},
volume = {102},
year = {2005}
}

@article{Goda1994,
author = {Goda, Y and Stevens, C F},
issn = {0027-8424},
journal = {Proceedings of the National Academy of Sciences of the United States of America},
month = dec,
number = {26},
pages = {12942--6},
title = {{Two components of transmitter release at a central synapse.}},
volume = {91},
year = {1994}
}

@article{Wen2010,
author = {Wen, Hua and Linhoff, Michael W and McGinley, Matthew J and Li, Geng-Lin and Corson, Glen M and Mandel, Gail and Brehm, Paul},
issn = {1091-6490},
journal = {Proceedings of the National Academy of Sciences of the United States of America},
month = aug,
number = {31},
pages = {13906--11},
title = {{Distinct roles for two synaptotagmin isoforms in synchronous and asynchronous transmitter release at zebrafish neuromuscular junction.}},
volume = {107},
year = {2010}
}

@article{Otsu2004,
author = {Otsu, Yo and Shahrezaei, Vahid and Li, Bo and Raymond, Lynn a and Delaney, Kerry R and Murphy, Timothy H},
issn = {1529-2401},
journal = {The Journal of Neuroscience},
month = jan,
number = {2},
pages = {420--33},
title = {{Competition between phasic and asynchronous release for recovered synaptic vesicles at developing hippocampal autaptic synapses.}},
volume = {24},
year = {2004}
}

@article{Bacaj2013,
author = {Bacaj, Taulant and Wu, Dick and Yang, Xiaofei and Morishita, Wade and Zhou, Peng and Xu, Wei and Malenka, Robert C and S\"{u}dhof, Thomas C},
issn = {1097-4199},
journal = {Neuron},
month = nov,
number = {4},
pages = {947--59},
title = {{Synaptotagmin-1 and synaptotagmin-7 trigger synchronous and asynchronous phases of neurotransmitter release.}},
volume = {80},
year = {2013}
}

@article{Sun2007,
author = {Sun, Jianyuan and Pang, Zhiping P and Qin, Dengkui and Fahim, Abigail T and Adachi, Roberto and S\"{u}dhof, Thomas C},
issn = {1476-4687},
journal = {Nature},
month = nov,
number = {7170},
pages = {676--82},
title = {{A dual-Ca2+-sensor model for neurotransmitter release in a central synapse.}},
volume = {450},
year = {2007}
}

@article{Sudhof2012,
author = {S\"{u}dhof, Thomas C},
issn = {1943-0264},
journal = {Cold Spring Harbor Perspectives in Biology},
month = jan,
number = {1},
pages = {a011353},
title = {{Calcium control of neurotransmitter release.}},
volume = {4},
year = {2012}
}

@article{Zengel1977,
author = {Zengel, J. and Magleby, K.},
issn = {0036-8075},
journal = {Science},
month = jul,
number = {4298},
pages = {67--69},
title = {{Transmitter release during repetitive stimulation: selective changes produced by Sr2+ and Ba2+}},
volume = {197},
year = {1977}
}

@article{DELCASTILLO1954,
author = {del Castillo, J and Katz, B},
issn = {0022-3751},
journal = {The Journal of Physiology},
month = jun,
number = {3},
pages = {560--73},
pmid = {13175199},
title = {{Quantal components of the end-plate potential.}},
volume = {124},
year = {1954}
}

@article{Jiang2012,
author = {Jiang, Man and Zhu, Jie and Liu, Yaping and Yang, Mingpo and Tian, Cuiping and Jiang, Shan and Wang, Yonghong and Guo, Hui and Wang, Kaiyan and Shu, Yousheng},
issn = {1545-7885},
journal = {PLoS Biology},
month = jan,
number = {5},
pages = {e1001324},
title = {{Enhancement of asynchronous release from fast-spiking interneuron in human and rat epileptic neocortex.}},
volume = {10},
year = {2012}
}

@article{Bartos2007,
author = {Bartos, Marlene and Vida, Imre and Jonas, Peter},
issn = {1471-003X},
journal = {Nature Reviews Neuroscience},
month = jan,
number = {1},
pages = {45--56},
title = {{Synaptic mechanisms of synchronized gamma oscillations in inhibitory interneuron networks.}},
volume = {8},
year = {2007}
}

@article{Bartos2002,
author = {Bartos, Marlene and Vida, Imre and Frotscher, Michael and Meyer, Axel and Monyer, Hannah and Geiger, Jorg R P and Jonas, Peter},
issn = {0027-8424},
journal = {Proceedings of the National Academy of Sciences of the United States of America},
month = oct,
number = {20},
pages = {13222--7},
title = {{Fast synaptic inhibition promotes synchronized gamma oscillations in hippocampal interneuron networks.}},
volume = {99},
year = {2002}
}

@article{Costa2013,
author = {Costa, Rui P and Sj\"{o}str\"{o}m, P Jesper and van Rossum, Mark C W},
issn = {1662-5188},
journal = {Frontiers in Computational Neuroscience},
month = jan,
number = {June},
pages = {75},
title = {{Probabilistic inference of short-term synaptic plasticity in neocortical microcircuits.}},
volume = {7},
year = {2013}
}

@article{Medrihan2014,
author = {Medrihan, L. and Ferrea, E. and Greco, B. and Baldelli, P. and Benfenati, F.},
issn = {1047-3211},
journal = {Cerebral Cortex},
month = jun,
title = {{Asynchronous GABA Release Is a Key Determinant of Tonic Inhibition and Controls Neuronal Excitability: A Study in the Synapsin II-/- Mouse}},
year = {2014}
}

@article{Hefft2005,
author = {Hefft, Stefan and Jonas, Peter},
issn = {1097-6256},
journal = {Nature Neuroscience},
month = oct,
number = {10},
pages = {1319--28},
title = {{Asynchronous GABA release generates long-lasting inhibition at a hippocampal interneuron-principal neuron synapse.}},
volume = {8},
year = {2005}
}

@article{DELCASTILLO1954,
author = {del Castillo, J and Katz, B},
issn = {0022-3751},
journal = {The Journal of Physiology},
month = jun,
number = {3},
pages = {560--73},
pmid = {13175199},
title = {{Quantal components of the end-plate potential.}},
volume = {124},
year = {1954}
}

@article{Jiang2015,
author = {Jiang, Man and Yang, Mingpo and Yin, Luping and Zhang, Xiaohui and Shu, Yousheng},
issn = {1460-2199},
journal = {Cerebral Cortex},
month = jan,
number = {1},
pages = {258--70},
title = {{Developmental Reduction of Asynchronous GABA Release from Neocortical Fast-Spiking Neurons.}},
volume = {25},
year = {2015}
}

@article{Pan2009,
author = {Pan, Bin and Zucker, Robert S},
issn = {1097-4199},
journal = {Neuron},
month = may,
number = {4},
pages = {539--54},
publisher = {Elsevier Ltd},
title = {{A general model of synaptic transmission and short-term plasticity.}},
volume = {62},
year = {2009}
}

@article{Nadkarni2010,
author = {Nadkarni, Suhita and Bartol, Thomas M and Sejnowski, Terrence J and Levine, Herbert},
issn = {1553-7358},
journal = {PLoS Computational Biology},
month = jan,
number = {11},
pages = {e1000983},
title = {{Modelling vesicular release at hippocampal synapses.}},
volume = {6},
year = {2010}
}

@article{Staley1995,
author = {Staley, K J and Soldo, B L and Proctor, W R},
isbn = {0036-8075 (Print)},
issn = {0036-8075},
journal = {Science},
number = {5226},
pages = {977--981},
title = {{Ionic mechanisms of neuronal excitation by inhibitory GABAA receptors.}},
volume = {269},
year = {1995}
}
@article{Manseau2010,
author = {Manseau, Fr\'{e}d\'{e}ric and Marinelli, Silvia and M\'{e}ndez, Pablo and Schwaller, Beat and Prince, David a and Huguenard, John R and Bacci, Alberto},
issn = {1545-7885},
journal = {PLoS Biology},
month = jan,
number = {9},
title = {{Desynchronization of neocortical networks by asynchronous release of GABA at autaptic and synaptic contacts from fast-spiking interneurons.}},
volume = {8},
year = {2010}
}

@article{Wang1996,
author = {Wang, X J and Buzs\'{a}ki, G},
issn = {0270-6474},
journal = {The Journal of Neuroscience},
month = oct,
number = {20},
pages = {6402--13},
title = {{Gamma oscillation by synaptic inhibition in a hippocampal interneuronal network model.}},
volume = {16},
year = {1996}
}

@article{Voegtlin2007,
author = {Voegtlin, Thomas and Martinez, Dominique},
issn = {09252312},
journal = {Neurocomputing},
month = jun,
number = {10-12},
pages = {2079--2084},
title = {{Effect of asynchronous GABA release on the oscillatory dynamics of inhibitory coupled neurons}},
volume = {70},
year = {2007}
}
